
<record>
  <controlfield tag="001">615545</controlfield>
  <datafield tag="024" ind1="7" ind2=" ">
    <subfield code="2">DOI</subfield>
    <subfield code="a">10.1086/375457</subfield>
  </datafield>
  <datafield tag="035" ind1=" " ind2=" ">
    <subfield code="a">oai:arXiv.org:astro-ph/0303493</subfield>
    <subfield code="z">oai:arXiv.org:astro-ph/0303493</subfield>
    <subfield code="9">arXiv</subfield>
  </datafield>
  <datafield tag="035" ind1=" " ind2=" ">
    <subfield code="a">Monelli:2003sv</subfield>
    <subfield code="9">SPIRESTeX</subfield>
  </datafield>
  <datafield tag="035" ind1=" " ind2=" ">
    <subfield code="9">ADS</subfield>
    <subfield code="a">2003AJ....126..218M</subfield>
  </datafield>
  <datafield tag="037" ind1=" " ind2=" ">
    <subfield code="a">astro-ph/0303493</subfield>
    <subfield code="9">arXiv</subfield>
    <subfield code="c">astro-ph</subfield>
  </datafield>
  <datafield tag="245" ind1=" " ind2=" ">
    <subfield code="a">The Carina Project: 2. Stellar populations</subfield>
  </datafield>
</record>

</collection>